<record><leader>00000cas a22000007a 4500</leader><controlfield tag="001">9887286</controlfield><controlfield tag="008">830908d18581865nyudn ne      0    0eng d</controlfield><controlfield tag="009">3781</controlfield><datafield ind1=" " ind2=" " tag="010"><subfield code="a">sn 83031493 </subfield></datafield><datafield ind1=" " ind2=" " tag="040"><subfield code="a">NPU</subfield><subfield code="b">eng</subfield><subfield code="c">NPU</subfield><subfield code="d">NPX</subfield><subfield code="d">NYS</subfield><subfield code="d">MGN</subfield><subfield code="d">OCL</subfield><subfield code="d">UKMGB</subfield><subfield code="d">OCLCF</subfield><subfield code="d">OCLCO</subfield></datafield><datafield ind1="7" ind2=" " tag="016"><subfield code="a">013914330</subfield><subfield code="2">Uk</subfield></datafield><datafield ind1=" " ind2=" " tag="042"><subfield code="a">msc</subfield></datafield><datafield ind1="0" ind2=" " tag="130"><subfield code="a">Oswego commercial times (Oswego, N.Y. : 1858)</subfield></datafield><datafield ind1="0" ind2="0" tag="245"><subfield code="a">Oswego commercial times.</subfield></datafield><datafield ind1=" " ind2=" " tag="260"><subfield code="a">Oswego [N.Y.] :</subfield><subfield code="b">J. Tarbell,</subfield><subfield code="c">1858-</subfield></datafield><datafield ind1=" " ind2=" " tag="300"><subfield code="a">v. ;</subfield><subfield code="c">53 cm.</subfield></datafield><datafield ind1=" " ind2=" " tag="310"><subfield code="a">Daily (except Sun.)</subfield></datafield><datafield ind1="0" ind2=" " tag="362"><subfield code="a">Vol. 11, no. 16 (Mar. 22, 1858)-</subfield></datafield><datafield ind1="1" ind2=" " tag="362"><subfield code="a">Ceased in 1865.</subfield></datafield><datafield ind1=" " ind2=" " tag="500"><subfield code="a">Published by: James N. Brown, &lt;1861&gt;.</subfield></datafield><datafield ind1=" " ind2=" " tag="580"><subfield code="a">Weekly eds.: Oswego weekly times (Oswego, N.Y. : 1856), 1858-&lt;1862&gt;; Oswego times; Oswego commercial times (Oswego, N.Y. : Weekly ed.).</subfield></datafield><datafield ind1=" " ind2="0" tag="651"><subfield code="a">Oswego (N.Y.)</subfield><subfield code="v">Newspapers.</subfield></datafield><datafield ind1=" " ind2="0" tag="651"><subfield code="a">Oswego County (N.Y.)</subfield><subfield code="v">Newspapers.</subfield></datafield><datafield ind1=" " ind2="7" tag="655"><subfield code="a">Newspapers.</subfield><subfield code="2">fast</subfield><subfield code="0">(OCoLC)fst01423814</subfield></datafield><datafield ind1=" " ind2="7" tag="651"><subfield code="a">New York (State)</subfield><subfield code="z">Oswego.</subfield><subfield code="2">fast</subfield><subfield code="0">(OCoLC)fst01212851</subfield></datafield><datafield ind1=" " ind2="7" tag="651"><subfield code="a">New York (State)</subfield><subfield code="z">Oswego County.</subfield><subfield code="2">fast</subfield><subfield code="0">(OCoLC)fst01208853</subfield></datafield><datafield ind1=" " ind2=" " tag="752"><subfield code="a">United States</subfield><subfield code="b">New York</subfield><subfield code="c">Oswego</subfield><subfield code="d">Oswego.</subfield></datafield><datafield ind1="1" ind2=" " tag="775"><subfield code="t">Oswego weekly times (Oswego, N.Y. : 1856)</subfield><subfield code="w">(DLC)sn 84024317</subfield><subfield code="w">(OCoLC)11160992</subfield></datafield><datafield ind1="1" ind2=" " tag="775"><subfield code="t">Oswego times</subfield></datafield><datafield ind1="1" ind2=" " tag="775"><subfield code="t">Oswego commercial times (Oswego, N.Y. : Weekly ed.)</subfield></datafield><datafield ind1="0" ind2="0" tag="780"><subfield code="t">Oswego daily times (Oswego, N.Y. : 1856)</subfield><subfield code="w">(DLC)sn 93063569</subfield><subfield code="w">(OCoLC)27438044</subfield></datafield><datafield ind1="0" ind2="7" tag="785"><subfield code="t">Oswego daily commercial advertiser</subfield><subfield code="w">(DLC)sn 92061696</subfield><subfield code="w">(OCoLC)25236129</subfield></datafield><datafield ind1="0" ind2="7" tag="785"><subfield code="t">Oswego daily commercial advertiser. and times</subfield><subfield code="w">(DLC)sn 84031342</subfield><subfield code="w">(OCoLC)10975856</subfield></datafield><datafield ind1=" " ind2=" " tag="936"><subfield code="a">Vol. 19, no. 98 (Apr. 29, 1865) LIC</subfield></datafield></record>